<record><leader>00000cas a22000007a 4500</leader><controlfield tag="001">19526472</controlfield><controlfield tag="008">890410d19751977pauwr ne      0    0eng d</controlfield><datafield ind1=" " ind2=" " tag="010"><subfield code="a">sn 89077776 </subfield></datafield><datafield ind1=" " ind2=" " tag="040"><subfield code="a">NPH</subfield><subfield code="b">eng</subfield><subfield code="c">NPH</subfield><subfield code="d">OCLCQ</subfield></datafield><datafield ind1=" " ind2=" " tag="042"><subfield code="a">msc</subfield></datafield><datafield ind1="0" ind2="0" tag="245"><subfield code="a">New Castle/scene.</subfield></datafield><datafield ind1=" " ind2=" " tag="260"><subfield code="a">New Castle, Pa. :</subfield><subfield code="b">Eckler Photo Service,</subfield><subfield code="c">1975-1977.</subfield></datafield><datafield ind1=" " ind2=" " tag="300"><subfield code="a">v. :</subfield><subfield code="b">ill.</subfield></datafield><datafield ind1=" " ind2=" " tag="310"><subfield code="a">Weekly</subfield></datafield><datafield ind1="0" ind2=" " tag="362"><subfield code="a">Vol. 1, no. 1 (July 30, 1975)-v. 1, no. 22 (Dec. 31, 1976/Jan. 6, 1977).</subfield></datafield><datafield ind1=" " ind2=" " tag="752"><subfield code="a">United States</subfield><subfield code="b">Pennsylvania</subfield><subfield code="c">Lawrence</subfield><subfield code="d">New Castle.</subfield></datafield><datafield ind1="0" ind2=" " tag="775"><subfield code="t">Lawrence County/scene</subfield><subfield code="w">(DLC)sn 89077775</subfield></datafield></record>